<?xml version="1.0" encoding="UTF-8"?><collection xmlns="http://www.loc.gov/MARC21/slim"><record><leader>00679nam--2200181-i-4500</leader><controlfield tag="001">000010951</controlfield><controlfield tag="002">20161230</controlfield><controlfield tag="005">20161230201029</controlfield><controlfield tag="008">060222s1000------------r-----000-0-fre-d</controlfield><datafield ind1=" " ind2=" " tag="040"><subfield code="a">IFIN-HH</subfield></datafield><datafield ind1=" " ind2=" " tag="041"><subfield code="a">fre</subfield></datafield><datafield ind1=" " ind2=" " tag="080"><subfield code="a">539.(043):778.4(043)</subfield></datafield><datafield ind1="1" ind2=" " tag="100"><subfield code="a">Chatelain, Bruno</subfield></datafield><datafield ind1="1" ind2="0" tag="245"><subfield code="a">Photoelasticimetrie holographique: etude experimentale de deux methodes d'observation simultanee ou independante des reseaux d'isochromes et d'isopaches relatifs a un modele unique soumis a une seule sollicitation</subfield><subfield code="b">These</subfield><subfield code="c">Bruno chatelain</subfield></datafield><datafield ind1=" " ind2=" " tag="260"><subfield code="a">Besancon</subfield><subfield code="b">Universite De Besancon</subfield><subfield code="c">1972</subfield></datafield><datafield ind1=" " ind2=" " tag="300"><subfield code="a">101 P. + 40 FIG. +12 PL</subfield></datafield><datafield ind1=" " ind2=" " tag="852"><subfield code="a">40392</subfield><subfield code="c">539.3</subfield></datafield><datafield ind1=" " ind2=" " tag="CAT"><subfield code="a">Sys</subfield><subfield code="c">20130121</subfield><subfield code="h">133925</subfield></datafield></record></collection>